<?xml version="1.0" encoding="UTF-8"?><collection><record><leader>06489ntm a2200553 a 4500</leader><controlfield tag="001">006768014</controlfield><controlfield tag="003">MiAaHDL</controlfield><controlfield tag="005">20190719000000.0</controlfield><controlfield tag="006">m        d        </controlfield><controlfield tag="007">cr bn ---auaua</controlfield><controlfield tag="008">090504s16uu    xx            00| ||ara d</controlfield><datafield tag="035" ind1=" " ind2=" "><subfield code="a">(MiU)006768014</subfield></datafield><datafield tag="035" ind1=" " ind2=" "><subfield code="a">sdr-miu006768014</subfield></datafield><datafield tag="040" ind1=" " ind2=" "><subfield code="a">MiU</subfield><subfield code="c">MiU</subfield><subfield code="e">amremm</subfield></datafield><datafield tag="043" ind1=" " ind2=" "><subfield code="a">n-us-mi</subfield></datafield><datafield tag="100" ind1="1" ind2=" "><subfield code="6">880-01</subfield><subfield code="a">Bukhārī, Muḥammad ʻAlī ibn Mubārakshāh,</subfield><subfield code="d">-approximately 1340.</subfield></datafield><datafield tag="245" ind1="1" ind2="0"><subfield code="6">880-02</subfield><subfield code="a">[Sharḥ Ḥikmat al-ʻayn,</subfield><subfield code="f">17th century].</subfield></datafield><datafield tag="246" ind1="3" ind2=" "><subfield code="i">Title from fore-edge flap label:</subfield><subfield code="a">حكمة العين</subfield></datafield><datafield tag="246" ind1="3" ind2=" "><subfield code="i">Title from inscription on upper board lining:</subfield><subfield code="a">حكمة العين</subfield></datafield><datafield tag="260" ind1=" " ind2=" "><subfield code="c">[16--].</subfield></datafield><datafield tag="300" ind1=" " ind2=" "><subfield code="a">164 leaves :</subfield><subfield code="b">paper ;</subfield><subfield code="c">210 x 163 (125 x 61) mm. bound to 210 x 175 mm.</subfield></datafield><datafield tag="500" ind1=" " ind2=" "><subfield code="a">Shelfmark: Ann Arbor, University of Michigan, Special Collections Library, Isl. Ms. 121</subfield></datafield><datafield tag="500" ind1=" " ind2=" "><subfield code="a">Origin: Lacks dated colophon ; paper suggests latter 17th century (post 1650).</subfield></datafield><datafield tag="500" ind1=" " ind2=" "><subfield code="a">Accompanying materials: Slip with writing exercises (paginated pp.121-122).</subfield></datafield><datafield tag="500" ind1=" " ind2=" "><subfield code="a">Former shelfmark: British Museum, London "No. 66. Hikmat al-ain, with commentary."</subfield></datafield><datafield tag="500" ind1=" " ind2=" "><subfield code="a">Binding: Pasteboards covered in brown leather ; Type II binding (with flap) ; board linings in beige laid paper ; doublure hinges in brown leather ; upper and lower covers bear blind-stamped scalloped mandorla and pendants with floral vegetal composition (compare Déroche class. OSd 1), accompanied by border in tooled fillets framing a series of s-shaped stamps ; design continues on envelope flap ; sewn in dark blue thread, two stations, though most quires are quite loose ; worked endbands in red and green, in poor condition ; overall in poor condition with significant abrasion, staining, some lifting and losses of leather, etc. ; numerous repairs in tan leather ; quite ill-fitting and perhaps originally intended for a smaller codex.</subfield></datafield><datafield tag="500" ind1=" " ind2=" "><subfield code="a">Support: European laid paper with 14-15 laid lines per cm. (vertical) and chain lines spaced roughly 24 mm. apart (horizontal) ; foolscap watermark (similar to Heawood 2022) ; fairly thick and burnished ; two added bifiolia (see pp.105-108 and pp.159-162) in a different European laid paper ; much tearing, staining, and moisture damage.</subfield></datafield><datafield tag="500" ind1=" " ind2=" "><subfield code="a">Decoration: Section headings, keywords, and abbreviation symbols rubricated ; overlining and textual dividers in the form of inverted commas in red.</subfield></datafield><datafield tag="500" ind1=" " ind2=" "><subfield code="a">Script: Naskh ; bold Turkish (?) hand with Persianate features ; virtually serifless ; both open and closed counters ; tapered descenders ; kāf mashkūlah (mashqūqah) preferred with shaqq appearing even on final kāf ; lām alif ligature in which the tail of the lām curves around and descends to form the alif, terminating at the base of the lām and thus forming a closed loop ; dot of final nūn set low in bowl ; pointing mainly in bold distinct dots ; occasionally two dots appear as inverted comma ; rounded but upright ; mainly adhering to baseline but occasional descent letters or words to baseline.</subfield></datafield><datafield tag="500" ind1=" " ind2=" "><subfield code="a">Layout: Written in 15 lines per page ; frame-ruled (impression of ruling board evident).</subfield></datafield><datafield tag="500" ind1=" " ind2=" "><subfield code="a">Collation: 6 IV (48), V (58), 2 IV(74), V (84), 10 IV (164) ; chiefly quaternions ; final word of last line of verso repeated at the beginning of the first line on following recto, but lacking in some sections ; pagination in pencil, Western numerals, supplied during digitization (includes insert and mistakenly skips two pages between pp.195-196).</subfield></datafield><datafield tag="500" ind1=" " ind2=" "><subfield code="a">Explicit: "وان اردتم ما لا يتقسم الى اجزاء مختلفة بل متشابهة"</subfield></datafield><datafield tag="500" ind1=" " ind2=" "><subfield code="a">Incipit: "اما بعد حمدا لله فاطر ذوات العقول النورية ومظهر خفيات اسرار الربوبية ... فان المولى العلامة ملك المحققين افضل المتاخرين شمس الملة والدين محمد بن المباركشاه البخاري ... يقول قد التمس مني بعض اخواني في الدين ... ان اكتب لكتاب حكمة العين ... شرحا يذلل من الالفاظ صعابها ..."</subfield></datafield><datafield tag="500" ind1=" " ind2=" "><subfield code="a">Title supplied by cataloguer.</subfield></datafield><datafield tag="500" ind1=" " ind2=" "><subfield code="a">Ms. codex.</subfield></datafield><datafield tag="510" ind1="4" ind2=" "><subfield code="a">Brockelmann, C. GAL,</subfield><subfield code="c">I, 466 / II. cmt. 1a</subfield></datafield><datafield tag="520" ind1="8" ind2=" "><subfield code="a">Fine copy of the commentary by Shams al-Dīn Muḥammad ibn Mubārakshāh al-Bukhārī (d. ca. 740/1340) on Ḥikmat al-ʻayn, the work of metaphysics and natural sciences by Najm al-Dīn ʻAlī ibn ʻUmar al-Kātibī al-Qazwīnī (d. 657/1276). Ends abruptly in "al-Baḥth al-thālith fī ithbāt al-nafs al-nāṭiqah".</subfield></datafield><datafield tag="538" ind1=" " ind2=" "><subfield code="a">Mode of access: Internet.</subfield></datafield><datafield tag="541" ind1=" " ind2=" "><subfield code="c">Purchase ;</subfield><subfield code="a">Acquired by purchase along with Abdul Hamid Collection (funds donated by Horace Rackham).</subfield><subfield code="d">1924.</subfield></datafield><datafield tag="546" ind1=" " ind2=" "><subfield code="a">Arabic.</subfield></datafield><datafield tag="561" ind1=" " ind2=" "><subfield code="a">Bookplate of British Museum, London on interior of upper cover, "British Museum, London. No. 66. Hikmat al-ain, with commentary." ; circular seal impression with figure of goat/gazelle in purple ink as well as inscription "368" in Western numerals on 'title page' (p.1) ; on blue-tinted paper pasted on ’title page’ (p.1), a detailed waqf statement in the name of al-Sayyid ʻAbd Allāh Adīb (Abdullah Edip), known as Jannatʹzādah (Cennet-zade), qāḍī of Erzurum, accompanied by his seal, reads: "وقفت وقفا صحيحا شرعيا على ان لا يخرج من بيت الكتب الملتصق بداري الا لعلماء سكنوا بارضروم بكفيل مرعى اورهن قوي وانا الفقير اليه عز شانه السيد عبد الله اديب الشهير بجنت زاده القاضي بمدينة ارضروم في سنة اثنى وستين ومائتين والف" ; seal of Solomon inscription (with greatest name of God / al-Ism al-Aʻẓam) and kabīkaj invocation on 'title page' (p.1) ; includes interlinear and extensive marginal glosses ; occasional corrections.</subfield></datafield><datafield tag="600" ind1="1" ind2="0"><subfield code="a">Qazwīnī, ʻAlī ibn ʻUmar,</subfield><subfield code="d">1203 or 4-1276 or 7.</subfield><subfield code="t">Ḥikmat al-ʻayn.</subfield></datafield><datafield tag="650" ind1=" " ind2="0"><subfield code="a">Manuscripts, Arabic</subfield><subfield code="z">Michigan</subfield><subfield code="z">Ann Arbor.</subfield></datafield><datafield tag="650" ind1=" " ind2="0"><subfield code="a">Islamic cosmology</subfield><subfield code="v">Early works to 1800.</subfield></datafield><datafield tag="650" ind1=" " ind2="0"><subfield code="a">Islamic philosophy</subfield><subfield code="v">Early works to 1800.</subfield></datafield><datafield tag="650" ind1=" " ind2="0"><subfield code="a">Islam</subfield><subfield code="x">Doctrines</subfield><subfield code="v">Early works to 1800.</subfield></datafield><datafield tag="773" ind1="0" ind2=" "><subfield code="a">Tiflis Collection.</subfield></datafield><datafield tag="880" ind1="1" ind2="0"><subfield code="6">245-02/</subfield><subfield code="a">[شرح حكمة العين,</subfield><subfield code="f">القرن 17م].</subfield></datafield><datafield tag="880" ind1="1" ind2=" "><subfield code="6">100-01/</subfield><subfield code="a">بخاري، محمد علي بن مباركشاه.</subfield></datafield><datafield tag="CID" ind1=" " ind2=" "><subfield code="a">006768014</subfield></datafield><datafield tag="DAT" ind1="0" ind2=" "><subfield code="a">20190719102635.0</subfield><subfield code="b">20190719000000.0</subfield></datafield><datafield tag="DAT" ind1="1" ind2=" "><subfield code="a">20190719090653.0</subfield><subfield code="b">2019-07-19T16:11:21Z</subfield></datafield><datafield tag="DAT" ind1="2" ind2=" "><subfield code="a">2015-10-02T18:00:03Z</subfield></datafield><datafield tag="CAT" ind1=" " ind2=" "><subfield code="a">SDR-MIU</subfield><subfield code="d">EX LIBRIS - ALEPH</subfield><subfield code="l">prepare.pl-004-008</subfield></datafield><datafield tag="FMT" ind1=" " ind2=" "><subfield code="a">BK</subfield></datafield><datafield tag="HOL" ind1=" " ind2=" "><subfield code="0">sdr-miu006768014</subfield><subfield code="a">MiU</subfield><subfield code="b">SDR</subfield><subfield code="c">MIU</subfield><subfield code="p">mdp.39015079125350</subfield><subfield code="s">MIU</subfield><subfield code="1">006768014</subfield></datafield><datafield tag="974" ind1=" " ind2=" "><subfield code="b">MIU</subfield><subfield code="c">MIU</subfield><subfield code="d">20190719</subfield><subfield code="s">lit-dlps-dc</subfield><subfield code="u">mdp.39015079125350</subfield><subfield code="y">1699</subfield><subfield code="r">pd</subfield><subfield code="q">bib</subfield><subfield code="t">non-US bib date1 &lt; 1896</subfield></datafield></record></collection>